@book {har77,
    AUTHOR = {Hartshorne, Robin},
     TITLE = {Algebraic geometry},
      NOTE = {Graduate Texts in Mathematics, No. 52},
 PUBLISHER = {Springer-Verlag, New York-Heidelberg},
      YEAR = {1977},
     PAGES = {xvi+496},
      ISBN = {0-387-90244-9},
   MRCLASS = {14-01},
  MRNUMBER = {0463157},
MRREVIEWER = {Robert Speiser},
}

@misc{stacks,
  author       = {The {Stacks project authors}},
  title        = {The Stacks project},
  howpublished = {\url{https://stacks.math.columbia.edu}},
  year         = {2020},
}

@article {cho06,
    AUTHOR = {Chow, Timothy Y.},
     TITLE = {You could have invented spectral sequences},
   JOURNAL = {Notices Amer. Math. Soc.},
  FJOURNAL = {Notices of the American Mathematical Society},
    VOLUME = {53},
      YEAR = {2006},
    NUMBER = {1},
     PAGES = {15--19},
      ISSN = {0002-9920},
   MRCLASS = {18G40 (13D25 16E05 55T05)},
  MRNUMBER = {2189946},
MRREVIEWER = {Ellen E. Kirkman},
}
